@book{SimonDan2006Ose:,
isbn = "9780471708582",
year = "2006",
title = "Optimal state estimation : Kalman, H∞, and nonlinear approaches",
language = "eng",
author = "Simon, Dan",
keywords = "Optimale Steuerung; Parameterschätzung; Kalman filtering; Nonlinear systems; Systemtheorie; Optimale Kontrolle; Mathematical optimization; Kalman-Filter; Nichtlineare Optimierung",
lccn = "2006040065",
}